@article{Barkana_2001,
  doi = {10.1016/s0370-1573(01)00019-9},
  url = {http://dx.doi.org/10.1016/S0370-1573(01)00019-9},
  year = {2001},
  month = {Jul},
  publisher = {Elsevier BV},
  volume = {349},
  number = {2},
  pages = {125-238},
  author = {Rennan Barkana and Abraham Loeb},
  title = {{In the beginning: the first sources of light and the reionization of the universe}},
  journal = {Physics Reports},
}
